

@article{autor2,
 author = {Canny, John},
 year = {1986},
 title = {A {C}omputational {A}pproach to {E}dge {D}etection},
 pages = {679-699},
 volume = {PAMI-8},
 number = {6},
 journal = {IEEE Transactions on Pattern Analysis and Machine Intelligence},
 abstract = {This paper describes a computational approach to edge detection. The success of the approach depends on the definition of a comprehensive set of goals for the computation of edge points.},
 url = {http://perso.limsi.fr/Individu/vezien/PAPIERS\_ACS/canny1986.pdf}
}

@Book{autor1,
  Title                    = {Einf√ºhrung in die Getriebelehre},
  Author                   = {Kerle, Hanfried and Pittschellis, Reinhard},
  Year                     = {2002},
  Publisher                = {Teubner},
  Edition					= {2.}
}

@article{rogers2015point,
	title={The point spread function and optical dot gain},
	author={Rogers, Geoffrey L},
	journal={Handbook of Digital Imaging},
	year={2015},
	publisher={Wiley Online Library}
}

@misc{vita,
	title={Vita VMK Master, Working Instructions},
	author={VITA},
	year={2014},
}
@book{sharpling2014,
	title={Principles and Practice of Esthetic Dentistry-E-Book: Essentials of Esthetic Dentistry},
	author={Shapling, Wilson},
	year={2014},
	publisher={Elsevier Health Sciences}
}

@book{zirkonzahn2018,
	title={Zirkonzahn Brochure},
	author={GmbH Zirkonzahn},
	year={2018},
	url = {http://zirkonzahn.com/assets/files/brochueren/DE-Broschuere-Die-Zirkonzahn-Schule-web.pdf}
}
@article{lee2016absorption,
	title={Absorption of impinging water droplet in porous stones},
	author={Lee, JB and Radu, AI and Vontobel, Peter and Derome, Dominique and Carmeliet, Jan},
	journal={Journal of colloid and interface science},
	volume={471},
	pages={59--70},
	year={2016},
	publisher={Elsevier}
}




